<record><leader>00000cas a2200000 a 4500</leader><controlfield tag="001">12743141</controlfield><controlfield tag="008">851031d19071914aluwr ne      0    0eng d</controlfield><datafield ind1=" " ind2=" " tag="010"><subfield code="a">sn 86050296 </subfield></datafield><datafield ind1=" " ind2=" " tag="040"><subfield code="a">ALM</subfield><subfield code="b">eng</subfield><subfield code="c">ALM</subfield><subfield code="d">CPN</subfield><subfield code="d">OCL</subfield><subfield code="d">OCLCQ</subfield></datafield><datafield ind1=" " ind2=" " tag="042"><subfield code="a">msc</subfield></datafield><datafield ind1="0" ind2="0" tag="245"><subfield code="a">Camp Hill news.</subfield></datafield><datafield ind1=" " ind2=" " tag="260"><subfield code="a">Camp Hill, Ala. :</subfield><subfield code="b">P.A. Jackson,</subfield><subfield code="c">1907-1914.</subfield></datafield><datafield ind1=" " ind2=" " tag="300"><subfield code="a">v. :</subfield><subfield code="b">ill. ;</subfield><subfield code="c">55-60 cm.</subfield></datafield><datafield ind1=" " ind2=" " tag="310"><subfield code="a">Weekly</subfield></datafield><datafield ind1="0" ind2=" " tag="362"><subfield code="a">Vol. 8, no. 6 (Aug. 9, 1907)-v. 8, no. 9 (Aug. 30, 1907) ; v. 1, no. 5 (Sept. 6, 1907)-v. 7, no. 34 (June 5, 1914).</subfield></datafield><datafield ind1=" " ind2=" " tag="515"><subfield code="a">Numbering is irregular.</subfield></datafield><datafield ind1=" " ind2=" " tag="752"><subfield code="a">United States</subfield><subfield code="b">Alabama</subfield><subfield code="c">Tallapoosa</subfield><subfield code="d">Camp Hill.</subfield></datafield><datafield ind1="0" ind2="0" tag="780"><subfield code="t">Camp Hill times</subfield><subfield code="w">(DLC)sn 86050295</subfield></datafield><datafield ind1="0" ind2="0" tag="785"><subfield code="t">Tallapoosa news (Camp Hill, Ala.)</subfield><subfield code="w">(DLC)sn 88050040</subfield></datafield><datafield ind1="1" ind2=" " tag="029"><subfield code="a">AU@</subfield><subfield code="b">000022166909</subfield></datafield></record>